@book{friedl2006,
 author = {Friedl, Jeffrey},
 title = {Mastering Regular Expressions},
 year = {2006},
 isbn = {0596528124},
 publisher = {O'Reilly Media, Inc.},
 }

@article{robinson1965,
 author = {Robinson, J. A.},
 title = {A Machine-Oriented Logic Based on the Resolution Principle},
 journal = {J. ACM},
 volume = {12},
 number = {1},
 year = {1965},
 issn = {0004-5411},
 pages = {23--41},
 doi = {http://doi.acm.org/10.1145/321250.321253},
 publisher = {ACM},
 address = {New York, NY, USA},
 }
 
 @article{franta1977,
 author = {Franta, W. R. and Maly, Kurt},
 title = {An efficient data structure for the simulation event set},
 journal = {Commun. ACM},
 volume = {20},
 number = {8},
 year = {1977},
 issn = {0001-0782},
 pages = {596--602},
 doi = {http://doi.acm.org/10.1145/359763.359801},
 publisher = {ACM},
 address = {New York, NY, USA},
 }
 