@book{friedl2006,
 author = {Friedl, Jeffrey},
 title = {Mastering Regular Expressions},
 year = {2006},
 isbn = {0596528124},
 publisher = {O'Reilly Media, Inc.},
 }

@article{robinson1965,
 author = {Robinson, J. A.},
 title = {A Machine-Oriented Logic Based on the Resolution Principle},
 journal = {J. ACM},
 volume = {12},
 number = {1},
 year = {1965},
 issn = {0004-5411},
 pages = {23--41},
 doi = {http://doi.acm.org/10.1145/321250.321253},
 publisher = {ACM},
 address = {New York, NY, USA},
 }
 
 @article{franta1977,
 author = {Franta, W. R. and Maly, Kurt},
 title = {An efficient data structure for the simulation event set},
 journal = {Commun. ACM},
 volume = {20},
 number = {8},
 year = {1977},
 issn = {0001-0782},
 pages = {596--602},
 doi = {http://doi.acm.org/10.1145/359763.359801},
 publisher = {ACM},
 address = {New York, NY, USA},
 }
 
 @book{jess2003,
 author = {Friedman, Ernest},
 title = {Jess in action: rule-based systems in java},
 year = {2003},
 isbn = {9781930110892},
 publisher = {Manning Publications Co.},
 address = {Greenwich, CT, USA},
 }
 
 @incollection {Stratego2001,
   author = {Visser, Eelco},
   affiliation = {Universiteit Utrecht Institute of Information and Computing Sciences P.O. Box 80089 3508 TB Utrecht The Netherlands},
   title = {Stratego: A Language for Program Transformation Based on Rewriting Strategies System Description of Stratego 0.5},
   booktitle = {Rewriting Techniques and Applications},
   series = {Lecture Notes in Computer Science},
   editor = {Middeldorp, Aart},
   publisher = {Springer Berlin / Heidelberg},
   isbn = {},
   pages = {357-361},
   volume = {2051},
   url = {http://dx.doi.org/10.1007/3-540-45127-7_27},
   note = {10.1007/3-540-45127-7_27},
   year = {2001}
}

@ARTICLE{li991,
author={Li, X.},
journal={Software, IEEE}, title={Quality time-What's so bad about rule-based programming?},
year={1991},
month=sep,
volume={8},
number={5},
pages={103, 105},
keywords={expert-systems;knowledge engineering;maintainability;reliability;rule-based programming;expert systems;logic programming;},
doi={10.1109/52.84226},
ISSN={0740-7459},}

@INPROCEEDINGS{biema990,
author={van Biema, M. and Maguire, G.Q. and Stolfo, S.},
booktitle={System Sciences, 1990., Proceedings of the Twenty-Third Annual Hawaii International Conference on}, title={The constraint-based paradigm: integrating object-oriented and rule-based programming},
year={1990},
month=jan,
volume={ii},
number={},
pages={358 -366 vol.2},
keywords={access-oriented programming;class inheritance;constraint-based model;constraint-based paradigm;instance inheritance;multiparadigm languages;object-oriented programming;rule-based programming;user-defined predicates;object-oriented programming;software engineering;},
doi={10.1109/HICSS.1990.205206},
ISSN={},}

@INPROCEEDINGS{wu993,
author={Wu, S. and Browne, J.C.},
booktitle={Parallel Processing Symposium, 1993., Proceedings of Seventh International}, title={Explicit parallel structuring for rule-based programming},
year={1993},
month=apr,
volume={},
number={},
pages={479 -488},
keywords={compile-time dependency analysis;explicit parallel structuring;language extensions;large scale parallelism;rule-based programming;scalable parallelism;semantics;working memory elements;logic programming;parallel programming;},
doi={10.1109/IPPS.1993.262829},
ISSN={},}

@INPROCEEDINGS{marin005,
author={Marin, M. and Ida, T.},
booktitle={Symbolic and Numeric Algorithms for Scientific Computing, 2005. SYNASC 2005. Seventh International Symposium on}, title={Rule-based programming with rho;Log},
year={2005},
month=sept.,
volume={},
number={},
pages={ 8 pp.},
keywords={ declarative programming style; deductive systems; labeled conditional rewrite rules; numeric computation; pattern matching system; rule-based programming; strategic programming system embedded; symbolic computation; tree-like data structures; rho;Log; logic programming; pattern matching; rewriting systems; tree data structures;},
doi={10.1109/SYNASC.2005.61},
ISSN={},}

@INPROCEEDINGS{dalton008,
author={Dalton, A.R. and McCartney, W.P. and GhoshDastidar, K. and Hallstrom, J.O. and Sridhar, N. and Herman, T. and Leal, W.M. and Arora, A. and Gouda, M.},
booktitle={Computer Communications and Networks, 2008. ICCCN '08. Proceedings of 17th International Conference on}, title={DESAL alpha: An Implementation of the Dynamic Embedded Sensor-Actuator Language},
year={2008},
month=aug.,
volume={},
number={},
pages={1 -7},
keywords={DESALalpha;Telos-based devices;distributed state sharing;dynamic embedded sensor-actuator language;neighborhood management;rule-based programming;synchronized action scheduling;actuators;distributed processing;intelligent sensors;logic programming;},
doi={10.1109/ICCCN.2008.ECP.108},
ISSN={1095-2055},}

@INPROCEEDINGS{sano008,
author={Sano, S. and Yoshihisa, T. and Tsukamoto, M.},
booktitle={Ubiquitous Multimedia Computing, 2008. UMC '08. International Symposium on}, title={Design and Implementation of Device with Alterable Functions for Ubiquitous Computing},
year={2008},
month=oct.,
volume={},
number={},
pages={226 -231},
keywords={compact devices;flexible programming;memory capacity;rule-based programming language;ubiquitous computing;logic programming languages;ubiquitous computing;},
doi={10.1109/UMC.2008.53},
ISSN={},}

@INPROCEEDINGS{jung007,
author={Jung, WooChul and Lee, Daeryung and Park, Moonju and Mitchell, Stella and Munson, Jonathan},
booktitle={Intelligent Pervasive Computing, 2007. IPC. The 2007 International Conference on}, title={Distributed Evaluation of Spatio-temporal Rules in a Ubiquitous Computing Environment},
year={2007},
month=oct.,
volume={},
number={},
pages={327 -332},
keywords={},
doi={10.1109/IPC.2007.81},
ISSN={},}

@INPROCEEDINGS{berstel002,
author={Berstel, B.},
booktitle={Temporal Representation and Reasoning, 2002. TIME 2002. Proceedings.Ninth International Symposium on}, title={Extending the RETE algorithm for event management},
year={2002},
month=,
volume={},
number={},
pages={ 49 - 51},
keywords={ RETE algorithm; event management; facts; inference engine; occurrence dates; pattern recognition; rule-based programming; temporal constraints; time-sensitive patterns; time-stamped events; write rules; logic programming; pattern matching; temporal reasoning;},
doi={10.1109/TIME.2002.1027472},
ISSN={1530-1311 },}

@INPROCEEDINGS{baillie008,
author={Baillie, Jean-Christophe and Demaille, Akim and Hocquet, Quentin and Nottale, Matthieu and Tardieu, Samuel},
title={The Urbi Universal Platform for Robotics},
booktitle={Workshop Proceedings of SIMPAR 2008, Intl. Conf. on SIMULATION, MODELING and PROGRAMMING for AUTONOMOUS ROBOTS},
pages={580-591},
number={ISBN 978-88-95872-01-8},
year={2008}}
